111111111111111111111111111111111111111100000000002222222222222222222200000000002222222222222222222200000000001111111111111111111111111111111111111111
111111111111111111111111111111111111111100000000002222222222222222222200000000002222222222222222222200000000001111111111111111111111111111111111111111
111111111111111111111111111111111111111100000000002222222222222222222200000000002222222222222222222200000000001111111111111111111111111111111111111111
111111111111111111111111111111111111111100000000002222222222222222222200000000002222222222222222222200000000001111111111111111111111111111111111111111
111111111111111111111111111111111111111100000000002222222222222222222200000000002222222222222222222200000000001111111111111111111111111111111111111111
111111111111111111111111111111111111111100000000002222222222222222222200000000002222222222222222222200000000001111111111111111111111111111111111111111
111111111111111111111111111111111111111100000000002222222222222222222200000000002222222222222222222200000000001111111111111111111111111111111111111111
111111111111111111111111111111111111111100000000002222222222222222222200000000002222222222222222222200000000001111111111111111111111111111111111111111
111111111111111111111111111111111111111100000000002222222222222222222200000000002222222222222222222200000000001111111111111111111111111111111111111111
111111111111111111111111111111111111111100000000002222222222222222222200000000002222222222222222222200000000001111111111111111111111111111111111111111
111111111111111111111111111111111111111100000000002222222222222222222200000000002222222222222222222200000000001111111111111111111111111111111111111111
111111111111111111111111111111111111111100000000002222222222222222222200000000002222222222222222222200000000001111111111111111111111111111111111111111
111111111111111111111111111111111111111100000000002222222222222222222200000000002222222222222222222200000000001111111111111111111111111111111111111111
111111111111111111111111111111111111111100000000002222222222222222222200000000002222222222222222222200000000001111111111111111111111111111111111111111
111111111111111111111111111111111111111100000000002222222222222222222200000000002222222222222222222200000000001111111111111111111111111111111111111111
111111111111111111111111111111111111111100000000002222222222222222222200000000002222222222222222222200000000001111111111111111111111111111111111111111
111111111111111111111111111111111111111100000000002222222222222222222200000000002222222222222222222200000000001111111111111111111111111111111111111111
111111111111111111111111111111111111111100000000002222222222222222222200000000002222222222222222222200000000001111111111111111111111111111111111111111
111111111111111111111111111111111111111100000000002222222222222222222200000000002222222222222222222200000000001111111111111111111111111111111111111111
111111111111111111111111111111111111111100000000002222222222222222222200000000002222222222222222222200000000001111111111111111111111111111111111111111
111111111111111111111111111111111111111100000000002222222222222222222200000000002222222222222222222200000000001111111111111111111111111111111111111111
111111111111111111111111111111111111111100000000002222222222222222222200000000002222222222222222222200000000001111111111111111111111111111111111111111
111111111111111111111111111111111111111100000000002222222222222222222200000000002222222222222222222200000000001111111111111111111111111111111111111111
111111111111111111111111111111111111111100000000002222222222222222222200000000002222222222222222222200000000001111111111111111111111111111111111111111
111111111111111111111111111111111111111100000000002222222222222222222200000000002222222222222222222200000000001111111111111111111111111111111111111111
111111111111111111111111111111111111111100000000002222222222222222222200000000002222222222222222222200000000001111111111111111111111111111111111111111
111111111111111111111111111111111111111100000000002222222222222222222200000000002222222222222222222200000000001111111111111111111111111111111111111111
111111111111111111111111111111111111111100000000002222222222222222222200000000002222222222222222222200000000001111111111111111111111111111111111111111
111111111111111111111111111111111111111100000000002222222222222222222200000000002222222222222222222200000000001111111111111111111111111111111111111111
111111111111111111111111111111111111111100000000002222222222222222222200000000002222222222222222222200000000001111111111111111111111111111111111111111
111111111111111111111111111111111111111100000000002222222222222222222200000000002222222222222222222200000000001111111111111111111111111111111111111111
111111111111111111111111111111111111111100000000002222222222222222222200000000002222222222222222222200000000001111111111111111111111111111111111111111
111111111111111111111111111111111111111100000000002222222222222222222200000000002222222222222222222200000000001111111111111111111111111111111111111111
111111111111111111111111111111111111111100000000002222222222222222222200000000002222222222222222222200000000001111111111111111111111111111111111111111
111111111111111111111111111111111111111100000000002222222222222222222200000000002222222222222222222200000000001111111111111111111111111111111111111111
111111111111111111111111111111111111111100000000002222222222222222222200000000002222222222222222222200000000001111111111111111111111111111111111111111
111111111111111111111111111111111111111100000000002222222222222222222200000000002222222222222222222200000000001111111111111111111111111111111111111111
111111111111111111111111111111111111111100000000002222222222222222222200000000002222222222222222222200000000001111111111111111111111111111111111111111
111111111111111111111111111111111111111100000000002222222222222222222200000000002222222222222222222200000000001111111111111111111111111111111111111111
111111111111111111111111111111111111111100000000002222222222222222222200000000002222222222222222222200000000001111111111111111111111111111111111111111
000000000000000000000000000000000000000000000000002222222222222222222200000000002222222222222222222200000000000000000000000000000000000000000000000000
000000000000000000000000000000000000000000000000002222222222222222222200000000002222222222222222222200000000000000000000000000000000000000000000000000
000000000000000000000000000000000000000000000000002222222222222222222200000000002222222222222222222200000000000000000000000000000000000000000000000000
000000000000000000000000000000000000000000000000002222222222222222222200000000002222222222222222222200000000000000000000000000000000000000000000000000
000000000000000000000000000000000000000000000000002222222222222222222200000000002222222222222222222200000000000000000000000000000000000000000000000000
000000000000000000000000000000000000000000000000002222222222222222222200000000002222222222222222222200000000000000000000000000000000000000000000000000
000000000000000000000000000000000000000000000000002222222222222222222200000000002222222222222222222200000000000000000000000000000000000000000000000000
000000000000000000000000000000000000000000000000002222222222222222222200000000002222222222222222222200000000000000000000000000000000000000000000000000
000000000000000000000000000000000000000000000000002222222222222222222200000000002222222222222222222200000000000000000000000000000000000000000000000000
000000000000000000000000000000000000000000000000002222222222222222222200000000002222222222222222222200000000000000000000000000000000000000000000000000
000000000000000000000000000000000000000000000000003333333333333333333333333333333333333333333333333333000000000000000000000000000000000000000000000000
000000000000000000000000000000000000000000000000003333333333333333333333333333333333333333333333333333000000000000000000000000000000000000000000000000
000000000000000000000000000000000000000000000000003333333333333333333333333333333333333333333333333333000000000000000000000000000000000000000000000000
000000000000000000000000000000000000000000000000003333333333333333333333333333333333333333333333333333000000000000000000000000000000000000000000000000
000000000000000000000000000000000000000000000000003333333333333333333333333333333333333333333333333333000000000000000000000000000000000000000000000000
000000000000000000000000000000000000000000000000003333333333333333333333333333333333333333333333333333000000000000000000000000000000000000000000000000
000000000000000000000000000000000000000000000000003333333333333333333333333333333333333333333333333333000000000000000000000000000000000000000000000000
000000000000000000000000000000000000000000000000003333333333333333333333333333333333333333333333333333000000000000000000000000000000000000000000000000
000000000000000000000000000000000000000000000000003333333333333333333333333333333333333333333333333333000000000000000000000000000000000000000000000000
000000000000000000000000000000000000000000000000003333333333333333333333333333333333333333333333333333000000000000000000000000000000000000000000000000
333333333333333333333333333333333333333333333333333333333333333333333333333333333333333333333333333333333333333333333333333333333333333333333333333333
333333333333333333333333333333333333333333333333333333333333333333333333333333333333333333333333333333333333333333333333333333333333333333333333333333
333333333333333333333333333333333333333333333333333333333333333333333333333333333333333333333333333333333333333333333333333333333333333333333333333333
333333333333333333333333333333333333333333333333333333333333333333333333333333333333333333333333333333333333333333333333333333333333333333333333333333
333333333333333333333333333333333333333333333333333333333333333333333333333333333333333333333333333333333333333333333333333333333333333333333333333333
333333333333333333333333333333333333333333333333333333333333333333333333333333333333333333333333333333333333333333333333333333333333333333333333333333
333333333333333333333333333333333333333333333333333333333333333333333333333333333333333333333333333333333333333333333333333333333333333333333333333333
333333333333333333333333333333333333333333333333333333333333333333333333333333333333333333333333333333333333333333333333333333333333333333333333333333
333333333333333333333333333333333333333333333333333333333333333333333333333333333333333333333333333333333333333333333333333333333333333333333333333333
333333333333333333333333333333333333333333333333333333333333333333333333333333333333333333333333333333333333333333333333333333333333333333333333333333
333333333333333333333333333333333333333333333333333333333333333333333333333333333333333333333333333333333333333333333333333333333333333333333333333333
333333333333333333333333333333333333333333333333333333333333333333333333333333333333333333333333333333333333333333333333333333333333333333333333333333
333333333333333333333333333333333333333333333333333333333333333333333333333333333333333333333333333333333333333333333333333333333333333333333333333333
333333333333333333333333333333333333333333333333333333333333333333333333333333333333333333333333333333333333333333333333333333333333333333333333333333
333333333333333333333333333333333333333333333333333333333333333333333333333333333333333333333333333333333333333333333333333333333333333333333333333333
333333333333333333333333333333333333333333333333333333333333333333333333333333333333333333333333333333333333333333333333333333333333333333333333333333
333333333333333333333333333333333333333333333333333333333333333333333333333333333333333333333333333333333333333333333333333333333333333333333333333333
333333333333333333333333333333333333333333333333333333333333333333333333333333333333333333333333333333333333333333333333333333333333333333333333333333
333333333333333333333333333333333333333333333333333333333333333333333333333333333333333333333333333333333333333333333333333333333333333333333333333333
333333333333333333333333333333333333333333333333333333333333333333333333333333333333333333333333333333333333333333333333333333333333333333333333333333
333333333333333333333333333333333333333333333333333333333333333333333333333333333333333333333333333333333333333333333333333333333333333333333333333333
333333333333333333333333333333333333333333333333333333333333333333333333333333333333333333333333333333333333333333333333333333333333333333333333333333
333333333333333333333333333333333333333333333333333333333333333333333333333333333333333333333333333333333333333333333333333333333333333333333333333333
333333333333333333333333333333333333333333333333333333333333333333333333333333333333333333333333333333333333333333333333333333333333333333333333333333
000000000000000000000000000000000000000000000000003333333333333333333333333333333333333333333333333333000000000000000000000000000000000000000000000000
000000000000000000000000000000000000000000000000003333333333333333333333333333333333333333333333333333000000000000000000000000000000000000000000000000
000000000000000000000000000000000000000000000000003333333333333333333333333333333333333333333333333333000000000000000000000000000000000000000000000000
000000000000000000000000000000000000000000000000003333333333333333333333333333333333333333333333333333000000000000000000000000000000000000000000000000
000000000000000000000000000000000000000000000000003333333333333333333333333333333333333333333333333333000000000000000000000000000000000000000000000000
000000000000000000000000000000000000000000000000003333333333333333333333333333333333333333333333333333000000000000000000000000000000000000000000000000
000000000000000000000000000000000000000000000000003333333333333333333333333333333333333333333333333333000000000000000000000000000000000000000000000000
000000000000000000000000000000000000000000000000003333333333333333333333333333333333333333333333333333000000000000000000000000000000000000000000000000
000000000000000000000000000000000000000000000000003333333333333333333333333333333333333333333333333333000000000000000000000000000000000000000000000000
000000000000000000000000000000000000000000000000003333333333333333333333333333333333333333333333333333000000000000000000000000000000000000000000000000
000000000000000000000000000000000000000000000000002222222222222222222200000000002222222222222222222200000000000000000000000000000000000000000000000000
000000000000000000000000000000000000000000000000002222222222222222222200000000002222222222222222222200000000000000000000000000000000000000000000000000
000000000000000000000000000000000000000000000000002222222222222222222200000000002222222222222222222200000000000000000000000000000000000000000000000000
000000000000000000000000000000000000000000000000002222222222222222222200000000002222222222222222222200000000000000000000000000000000000000000000000000
000000000000000000000000000000000000000000000000002222222222222222222200000000002222222222222222222200000000000000000000000000000000000000000000000000
000000000000000000000000000000000000000000000000002222222222222222222200000000002222222222222222222200000000000000000000000000000000000000000000000000
000000000000000000000000000000000000000000000000002222222222222222222200000000002222222222222222222200000000000000000000000000000000000000000000000000
000000000000000000000000000000000000000000000000002222222222222222222200000000002222222222222222222200000000000000000000000000000000000000000000000000
000000000000000000000000000000000000000000000000002222222222222222222200000000002222222222222222222200000000000000000000000000000000000000000000000000
000000000000000000000000000000000000000000000000002222222222222222222200000000002222222222222222222200000000000000000000000000000000000000000000000000
111111111111111111111111111111111111111100000000002222222222222222222200000000003333333333333333333333333333330000000000222222222222222222222222222222
111111111111111111111111111111111111111100000000002222222222222222222200000000003333333333333333333333333333330000000000222222222222222222222222222222
111111111111111111111111111111111111111100000000002222222222222222222200000000003333333333333333333333333333330000000000222222222222222222222222222222
111111111111111111111111111111111111111100000000002222222222222222222200000000003333333333333333333333333333330000000000222222222222222222222222222222
111111111111111111111111111111111111111100000000002222222222222222222200000000003333333333333333333333333333330000000000222222222222222222222222222222
111111111111111111111111111111111111111100000000002222222222222222222200000000003333333333333333333333333333330000000000222222222222222222222222222222
111111111111111111111111111111111111111100000000002222222222222222222200000000003333333333333333333333333333330000000000222222222222222222222222222222
111111111111111111111111111111111111111100000000002222222222222222222200000000003333333333333333333333333333330000000000222222222222222222222222222222
111111111111111111111111111111111111111100000000002222222222222222222200000000003333333333333333333333333333330000000000222222222222222222222222222222
111111111111111111111111111111111111111100000000002222222222222222222200000000003333333333333333333333333333330000000000222222222222222222222222222222
111111111111111111111111111111111111111100000000002222222222222222222200000000003333333333333333333333333333330000000000222222222222222222222222222222
111111111111111111111111111111111111111100000000002222222222222222222200000000003333333333333333333333333333330000000000222222222222222222222222222222
111111111111111111111111111111111111111100000000002222222222222222222200000000003333333333333333333333333333330000000000222222222222222222222222222222
111111111111111111111111111111111111111100000000002222222222222222222200000000003333333333333333333333333333330000000000222222222222222222222222222222
111111111111111111111111111111111111111100000000002222222222222222222200000000003333333333333333333333333333330000000000222222222222222222222222222222
111111111111111111111111111111111111111100000000002222222222222222222200000000003333333333333333333333333333330000000000222222222222222222222222222222
111111111111111111111111111111111111111100000000002222222222222222222200000000003333333333333333333333333333330000000000222222222222222222222222222222
111111111111111111111111111111111111111100000000002222222222222222222200000000003333333333333333333333333333330000000000222222222222222222222222222222
111111111111111111111111111111111111111100000000002222222222222222222200000000003333333333333333333333333333330000000000222222222222222222222222222222
111111111111111111111111111111111111111100000000002222222222222222222200000000003333333333333333333333333333330000000000222222222222222222222222222222
111111111111111111111111111111111111111100000000002222222222222222222200000000003333333333333333333333333333330000000000222222222222222222222222222222
111111111111111111111111111111111111111100000000002222222222222222222200000000003333333333333333333333333333330000000000222222222222222222222222222222
111111111111111111111111111111111111111100000000002222222222222222222200000000003333333333333333333333333333330000000000222222222222222222222222222222
111111111111111111111111111111111111111100000000002222222222222222222200000000003333333333333333333333333333330000000000222222222222222222222222222222
111111111111111111111111111111111111111100000000002222222222222222222200000000003333333333333333333333333333330000000000222222222222222222222222222222
111111111111111111111111111111111111111100000000002222222222222222222200000000003333333333333333333333333333330000000000222222222222222222222222222222
111111111111111111111111111111111111111100000000002222222222222222222200000000003333333333333333333333333333330000000000222222222222222222222222222222
111111111111111111111111111111111111111100000000002222222222222222222200000000003333333333333333333333333333330000000000222222222222222222222222222222
111111111111111111111111111111111111111100000000000000000000000000000000000000003333333333333333333333333333330000000000000000000000000000000000000000
111111111111111111111111111111111111111100000000000000000000000000000000000000003333333333333333333333333333330000000000000000000000000000000000000000
111111111111111111111111111111111111111100000000000000000000000000000000000000003333333333333333333333333333330000000000000000000000000000000000000000
111111111111111111111111111111111111111100000000000000000000000000000000000000003333333333333333333333333333330000000000000000000000000000000000000000
111111111111111111111111111111111111111100000000000000000000000000000000000000003333333333333333333333333333330000000000000000000000000000000000000000
111111111111111111111111111111111111111100000000000000000000000000000000000000003333333333333333333333333333330000000000000000000000000000000000000000
111111111111111111111111111111111111111100000000000000000000000000000000000000003333333333333333333333333333330000000000000000000000000000000000000000
111111111111111111111111111111111111111100000000000000000000000000000000000000003333333333333333333333333333330000000000000000000000000000000000000000
111111111111111111111111111111111111111100000000000000000000000000000000000000003333333333333333333333333333330000000000000000000000000000000000000000
111111111111111111111111111111111111111100000000000000000000000000000000000000003333333333333333333333333333330000000000000000000000000000000000000000
