111111111111111000002222222222222220000011111111111111100000
111111111111111000002222222222222220000011111111111111100000
111111111111111000002222222222222220000011111111111111100000
111111111111111000002222222222222220000011111111111111100000
111111111111111000002222222222222220000011111111111111100000
111111111111111000000000033333000000000011111111111111100000
111111111111111000000000033333000000000011111111111111100000
111111111111111000000000033333000000000011111111111111100000
111111111111111000000000033333000000000011111111111111100000
111111111111111000000000033333000000000011111111111111100000
111111111111111000003333333333333330000011111111111111100000
111111111111111000003333333333333330000011111111111111100000
111111111111111000003333333333333330000011111111111111100000
111111111111111000003333333333333330000011111111111111100000
111111111111111000003333333333333330000011111111111111100000
000000000000000000003333333333333330000000000000000000000000
000000000000000000003333333333333330000000000000000000000000
000000000000000000003333333333333330000000000000000000000000
000000000000000000003333333333333330000000000000000000000000
000000000000000000003333333333333330000000000000000000000000
333333333333333333333333333333333333333333333333333333333333
333333333333333333333333333333333333333333333333333333333333
333333333333333333333333333333333333333333333333333333333333
333333333333333333333333333333333333333333333333333333333333
333333333333333333333333333333333333333333333333333333333333
333333333333333333333333333333333333333333333333333333333333
333333333333333333333333333333333333333333333333333333333333
333333333333333333333333333333333333333333333333333333333333
333333333333333333333333333333333333333333333333333333333333
333333333333333333333333333333333333333333333333333333333333
333333333333333333333333333333333333333333333333333333333333
333333333333333333333333333333333333333333333333333333333333
333333333333333333333333333333333333333333333333333333333333
333333333333333333333333333333333333333333333333333333333333
333333333333333333333333333333333333333333333333333333333333
333333333333333333333333333333333333333333333333333333333333
333333333333333333333333333333333333333333333333333333333333
333333333333333333333333333333333333333333333333333333333333
333333333333333333333333333333333333333333333333333333333333
333333333333333333333333333333333333333333333333333333333333
000000000000000000003333333333333330000000000000000000000000
000000000000000000003333333333333330000000000000000000000000
000000000000000000003333333333333330000000000000000000000000
000000000000000000003333333333333330000000000000000000000000
000000000000000000003333333333333330000000000000000000000000
111111111111111000003333333333333330000011111111111111100000
111111111111111000003333333333333330000011111111111111100000
111111111111111000003333333333333330000011111111111111100000
111111111111111000003333333333333330000011111111111111100000
111111111111111000003333333333333330000011111111111111100000
111111111111111000000000033333000000000011111111111111100000
111111111111111000000000033333000000000011111111111111100000
111111111111111000000000033333000000000011111111111111100000
111111111111111000000000033333000000000011111111111111100000
111111111111111000000000033333000000000011111111111111100000
111111111111111000002222222222222220000011111111111111100000
111111111111111000002222222222222220000011111111111111100000
111111111111111000002222222222222220000011111111111111100000
111111111111111000002222222222222220000011111111111111100000
111111111111111000002222222222222220000011111111111111100000