1111111111111111111100000222222222222222222220000033333333333333333333000001111111111111111111100000
1111111111111111111100000222222222222222222220000033333333333333333333000001111111111111111111100000
1111111111111111111100000222222222222222222220000033333333333333333333000001111111111111111111100000
1111111111111111111100000222222222222222222220000033333333333333333333000001111111111111111111100000
1111111111111111111100000222222222222222222220000033333333333333333333000001111111111111111111100000
1111111111111111111100000222222222222222222220000033333333333333333333000001111111111111111111100000
1111111111111111111100000222222222222222222220000033333333333333333333000001111111111111111111100000
1111111111111111111100000222222222222222222220000033333333333333333333000001111111111111111111100000
1111111111111111111100000222222222222222222220000033333333333333333333000001111111111111111111100000
1111111111111111111100000222222222222222222220000033333333333333333333000001111111111111111111100000
1111111111111111111100000222222222222222222220000033333333333333333333000001111111111111111111100000
1111111111111111111100000222222222222222222220000033333333333333333333000001111111111111111111100000
1111111111111111111100000222222222222222222220000033333333333333333333000001111111111111111111100000
1111111111111111111100000222222222222222222220000033333333333333333333000001111111111111111111100000
1111111111111111111100000222222222222222222220000033333333333333333333000001111111111111111111100000
1111111111111111111100000222222222222222222220000033333333333333333333000001111111111111111111100000
1111111111111111111100000222222222222222222220000033333333333333333333000001111111111111111111100000
1111111111111111111100000222222222222222222220000033333333333333333333000001111111111111111111100000
1111111111111111111100000222222222222222222220000033333333333333333333000001111111111111111111100000
1111111111111111111100000222222222222222222220000033333333333333333333000001111111111111111111100000
0000000000000000000000000000000000000000000000000000000000000000000000000000000000000000000000000000
0000000000000000000000000000000000000000000000000000000000000000000000000000000000000000000000000000
0000000000000000000000000000000000000000000000000000000000000000000000000000000000000000000000000000
0000000000000000000000000000000000000000000000000000000000000000000000000000000000000000000000000000
0000000000000000000000000000000000000000000000000000000000000000000000000000000000000000000000000000
2222222222222222222200000333333333333333333330000011111111111111111111000002222222222222222222200000
2222222222222222222200000333333333333333333330000011111111111111111111000002222222222222222222200000
2222222222222222222200000333333333333333333330000011111111111111111111000002222222222222222222200000
2222222222222222222200000333333333333333333330000011111111111111111111000002222222222222222222200000
2222222222222222222200000333333333333333333330000011111111111111111111000002222222222222222222200000
2222222222222222222200000333333333333333333330000011111111111111111111000002222222222222222222200000
2222222222222222222200000333333333333333333330000011111111111111111111000002222222222222222222200000
2222222222222222222200000333333333333333333330000011111111111111111111000002222222222222222222200000
2222222222222222222200000333333333333333333330000011111111111111111111000002222222222222222222200000
2222222222222222222200000333333333333333333330000011111111111111111111000002222222222222222222200000
2222222222222222222200000333333333333333333330000011111111111111111111000002222222222222222222200000
2222222222222222222200000333333333333333333330000011111111111111111111000002222222222222222222200000
2222222222222222222200000333333333333333333330000011111111111111111111000002222222222222222222200000
2222222222222222222200000333333333333333333330000011111111111111111111000002222222222222222222200000
2222222222222222222200000333333333333333333330000011111111111111111111000002222222222222222222200000
2222222222222222222200000333333333333333333330000011111111111111111111000002222222222222222222200000
2222222222222222222200000333333333333333333330000011111111111111111111000002222222222222222222200000
2222222222222222222200000333333333333333333330000011111111111111111111000002222222222222222222200000
2222222222222222222200000333333333333333333330000011111111111111111111000002222222222222222222200000
2222222222222222222200000333333333333333333330000011111111111111111111000002222222222222222222200000
0000000000000000000000000000000000000000000000000000000000000000000000000000000000000000000000000000
0000000000000000000000000000000000000000000000000000000000000000000000000000000000000000000000000000
0000000000000000000000000000000000000000000000000000000000000000000000000000000000000000000000000000
0000000000000000000000000000000000000000000000000000000000000000000000000000000000000000000000000000
0000000000000000000000000000000000000000000000000000000000000000000000000000000000000000000000000000
3333333333333333333333333333333333333333333333333333333333333333333333333333333333333333333333333333
3333333333333333333333333333333333333333333333333333333333333333333333333333333333333333333333333333
3333333333333333333333333333333333333333333333333333333333333333333333333333333333333333333333333333
3333333333333333333333333333333333333333333333333333333333333333333333333333333333333333333333333333
3333333333333333333333333333333333333333333333333333333333333333333333333333333333333333333333333333
0000000000000000000000000000000000000000000000000000000000000000000000000000000000000000000000000000
0000000000000000000000000000000000000000000000000000000000000000000000000000000000000000000000000000
0000000000000000000000000000000000000000000000000000000000000000000000000000000000000000000000000000
0000000000000000000000000000000000000000000000000000000000000000000000000000000000000000000000000000
0000000000000000000000000000000000000000000000000000000000000000000000000000000000000000000000000000
1111111111111111111100000111111111111111111110000022222222222222222222000003333333333333333333300000
1111111111111111111100000111111111111111111110000022222222222222222222000003333333333333333333300000
1111111111111111111100000111111111111111111110000022222222222222222222000003333333333333333333300000
1111111111111111111100000111111111111111111110000022222222222222222222000003333333333333333333300000
1111111111111111111100000111111111111111111110000022222222222222222222000003333333333333333333300000
1111111111111111111100000111111111111111111110000022222222222222222222000003333333333333333333300000
1111111111111111111100000111111111111111111110000022222222222222222222000003333333333333333333300000
1111111111111111111100000111111111111111111110000022222222222222222222000003333333333333333333300000
1111111111111111111100000111111111111111111110000022222222222222222222000003333333333333333333300000
1111111111111111111100000111111111111111111110000022222222222222222222000003333333333333333333300000
1111111111111111111100000111111111111111111110000022222222222222222222000003333333333333333333300000
1111111111111111111100000111111111111111111110000022222222222222222222000003333333333333333333300000
1111111111111111111100000111111111111111111110000022222222222222222222000003333333333333333333300000
1111111111111111111100000111111111111111111110000022222222222222222222000003333333333333333333300000
1111111111111111111100000111111111111111111110000022222222222222222222000003333333333333333333300000
1111111111111111111100000111111111111111111110000022222222222222222222000003333333333333333333300000
1111111111111111111100000111111111111111111110000022222222222222222222000003333333333333333333300000
1111111111111111111100000111111111111111111110000022222222222222222222000003333333333333333333300000
1111111111111111111100000111111111111111111110000022222222222222222222000003333333333333333333300000
1111111111111111111100000111111111111111111110000022222222222222222222000003333333333333333333300000
0000000000000000000000000000000000000000000000000000000000000000000000000000000000000000000000000000
0000000000000000000000000000000000000000000000000000000000000000000000000000000000000000000000000000
0000000000000000000000000000000000000000000000000000000000000000000000000000000000000000000000000000
0000000000000000000000000000000000000000000000000000000000000000000000000000000000000000000000000000
0000000000000000000000000000000000000000000000000000000000000000000000000000000000000000000000000000
3333333333333333333300000222222222222222222220000011111111111111111111000002222222222222222222200000
3333333333333333333300000222222222222222222220000011111111111111111111000002222222222222222222200000
3333333333333333333300000222222222222222222220000011111111111111111111000002222222222222222222200000
3333333333333333333300000222222222222222222220000011111111111111111111000002222222222222222222200000
3333333333333333333300000222222222222222222220000011111111111111111111000002222222222222222222200000
3333333333333333333300000222222222222222222220000011111111111111111111000002222222222222222222200000
3333333333333333333300000222222222222222222220000011111111111111111111000002222222222222222222200000
3333333333333333333300000222222222222222222220000011111111111111111111000002222222222222222222200000
3333333333333333333300000222222222222222222220000011111111111111111111000002222222222222222222200000
3333333333333333333300000222222222222222222220000011111111111111111111000002222222222222222222200000
3333333333333333333300000222222222222222222220000011111111111111111111000002222222222222222222200000
3333333333333333333300000222222222222222222220000011111111111111111111000002222222222222222222200000
3333333333333333333300000222222222222222222220000011111111111111111111000002222222222222222222200000
3333333333333333333300000222222222222222222220000011111111111111111111000002222222222222222222200000
3333333333333333333300000222222222222222222220000011111111111111111111000002222222222222222222200000